@misc{noauthor_-algorithmus_2022-1,
	title = {A*-{Algorithmus}},
	copyright = {Creative Commons Attribution-ShareAlike License},
	url = {https://de.wikipedia.org/w/index.php?title=A*-Algorithmus&oldid=219778390},
	abstract = {Der A*-Algorithmus („A Stern“ oder englisch „a star“, auch A*-Suche) gehört zur Klasse der informierten Suchalgorithmen. Er dient in der Informatik der Berechnung eines kürzesten Pfades zwischen zwei Knoten in einem Graphen mit positiven Kantengewichten. Er wurde das erste Mal 1968 von Peter Hart, Nils J. Nilsson und Bertram Raphael beschrieben. Der Algorithmus gilt als Verallgemeinerung und Erweiterung des Dijkstra-Algorithmus, in vielen Fällen kann aber umgekehrt A* auch auf Dijkstra reduziert werden.
Im Gegensatz zu uninformierten Suchalgorithmen verwendet der A*-Algorithmus eine Schätzfunktion (Heuristik), um zielgerichtet zu suchen und damit die Laufzeit zu verringern. Der Algorithmus ist vollständig und optimal. Das heißt, dass immer eine optimale Lösung gefunden wird, falls eine existiert.},
	language = {de},
	urldate = {2023-07-29},
	journal = {Wikipedia},
	month = feb,
	year = {2022},
	note = {Page Version ID: 219778390},
	file = {Snapshot:C\:\\Users\\seidj\\Zotero\\storage\\HKTHKE25\\A-Algorithmus.html:text/html},
}

@book{russell_artificial_2010,
	address = {Upper Saddle River},
	edition = {3rd ed},
	series = {Prentice {Hall} series in artificial intelligence},
	title = {Artificial intelligence: a modern approach},
	isbn = {978-0-13-604259-4},
	shorttitle = {Artificial intelligence},
	publisher = {Prentice Hall},
	author = {Russell, Stuart J. and Norvig, Peter and Davis, Ernest},
	year = {2010},
	keywords = {Artificial intelligence},
}

@misc{noauthor_greedy_2022,
	title = {Greedy {Best} first search algorithm},
	url = {https://www.geeksforgeeks.org/greedy-best-first-search-algorithm/},
	abstract = {A Computer Science portal for geeks. It contains well written, well thought and well explained computer science and programming articles, quizzes and practice/competitive programming/company interview Questions.},
	language = {en-us},
	urldate = {2023-08-04},
	journal = {GeeksforGeeks},
	month = dec,
	year = {2022},
	note = {Section: DSA},
	file = {Snapshot:C\:\\Users\\seidj\\Zotero\\storage\\MWZW2DYE\\greedy-best-first-search-algorithm.html:text/html},
}

@book{sedgewick_algorithms_2011,
	address = {Upper Saddle River, NJ},
	edition = {4th ed},
	title = {Algorithms},
	isbn = {978-0-321-57351-3},
	publisher = {Addison-Wesley},
	author = {Sedgewick, Robert and Wayne, Kevin Daniel},
	year = {2011},
	keywords = {Computer algorithms, Textbooks},
	annote = {Includes index},
}