@book { GOLL,
	author={{Joachim Goll, Cornelia Heinisch und Frank Müller}},
	title={Java als erste Programmiersprache},
	publisher={Teubner Verlag},
	year={2005},
	language={Deutsch}
}

@book { DAUSMANN,
	author={{Manfred Dausmann, Ulrich Bröckl und Joachim Goll}},
	title={C als erste Programmiersprache},
	publisher={Teubner Verlag},
	year={2005},
	language={Deutsch}
}

@book { PAPULA,
	author={{Lothar Papula}},
	title={Mathematische Formelsammlung für Wissenschaftler und Ingenieure},
	publisher={Vieweg Verlag},
	year={2003},
	language={Deutsch}
}

@book { MARTIN,
	author={{Ekbert Hering, Rolf Martin und Martin Stohrer}},
	title={Physik für Ingenieure},
	publisher={Springer Verlag},
	year={2004},
	language={Deutsch}
}
